
@book{montesi2014choreographic,
  title     = {Choreographic programming},
  author    = {Montesi, Fabrizio},
  year      = {2014},
  publisher = {IT-Universitetet i K{\o}benhavn}
}

@article{alur2005realizability,
  title     = {Realizability and verification of MSC graphs},
  author    = {Alur, Rajeev and Etessami, Kousha and Yannakakis, Mihalis},
  journal   = {Theoretical Computer Science},
  volume    = {331},
  number    = {1},
  pages     = {97--114},
  year      = {2005},
  publisher = {Elsevier}
}

@inproceedings{honda2008multiparty,
  title     = {Multiparty asynchronous session types},
  author    = {Honda, Kohei and Yoshida, Nobuko and Carbone, Marco},
  booktitle = {Proceedings of the 35th annual ACM SIGPLAN-SIGACT symposium on Principles of programming languages},
  pages     = {273--284},
  year      = {2008}
}

@techreport{MSCStandard,
  author      = {{International Telecommunication Union}},
  title       = {{Z.120: Message Sequence Chart}},
  institution = {{International Telecommunication Union}},
  year        = {1992},
  url         = {https://www.itu.int/rec/T-REC-Z.120}
}

@techreport{HMSCStandard,
  author      = {{International Telecommunication Union}},
  title       = {{Z.120: Message Sequence Chart}},
  institution = {{International Telecommunication Union}},
  year        = {1996},
  url         = {https://www.itu.int/rec/T-REC-Z.120}
}

@misc{MSCTool,
  author       = {Belot Florent},
  title        = {{Drawing and Analyzing an MSC}},
  howpublished = {\url{https://belotflorent.github.io/MSC-Tool-SWI-Prolog/}},
  year         = {2024},
  note         = {[Online; accessed 15-August-2025]}
}

@misc{rescuoriginalrepo,
  author       = {Desgeorges, Loïc and Germerie Guizouarn, Loïc},
  title        = {{The original ReSCu repository}},
  howpublished = {\url{https://archive.softwareheritage.org/browse/origin/directory/?origin_url=https://src.koda.cnrs.fr/loic.germerie.guizouarn/rescu}},
  year         = {2025},
  note         = {[Online; accessed 20-August-2025]}
}

@misc{rescurepo,
  author       = {Germerie Guizouarn, Loïc and Genovese, Gabriele},
  title        = {{The updated ReSCu repository}},
  howpublished = {\url{https://github.com/gabrielegenovese/rescu}},
  year         = {2025},
  note         = {[Online; accessed 20-August-2025]}
}

@article{lohrey2003realizability,
  title     = {Realizability of high-level message sequence charts: closing the gaps},
  author    = {Lohrey, Markus},
  journal   = {Theoretical Computer Science},
  volume    = {309},
  number    = {1-3},
  pages     = {529--554},
  year      = {2003},
  publisher = {Elsevier}
}

@article{lohrey2004bounded,
  title     = {Bounded MSC communication},
  author    = {Lohrey, Markus and Muscholl, Anca},
  journal   = {Information and Computation},
  volume    = {189},
  number    = {2},
  pages     = {160--181},
  year      = {2004},
  publisher = {Elsevier}
}

@incollection{lamport2019time,
  title     = {Time, clocks, and the ordering of events in a distributed system},
  author    = {Lamport, Leslie},
  booktitle = {Concurrency: the Works of Leslie Lamport},
  pages     = {179--196},
  year      = {2019},
  publisher = {Communications of the ACM}
}

@inproceedings{heussner2012mcscm,
  title        = {McScM: a general framework for the verification of communicating machines},
  author       = {Heu{\ss}ner, Alexander and Le Gall, Tristan and Sutre, Gr{\'e}goire},
  booktitle    = {International Conference on Tools and Algorithms for the Construction and Analysis of Systems},
  pages        = {478--484},
  year         = {2012},
  organization = {Springer}
}

@phdthesis{guizouarn2023communicating,
  title  = {Communicating automata and quasi-synchronous communications},
  author = {Guizouarn, Lo{\"\i}c Germerie},
  year   = {2023},
  school = {Universit{\'e} C{\^o}te d'Azur}
}

@article{brand1983communicating,
  title     = {On communicating finite-state machines},
  author    = {Brand, Daniel and Zafiropulo, Pitro},
  journal   = {Journal of the ACM (JACM)},
  volume    = {30},
  number    = {2},
  pages     = {323--342},
  year      = {1983},
  publisher = {ACM New York, NY, USA}
}

@inproceedings{alur2000inference,
  title     = {Inference of message sequence charts},
  author    = {Alur, Rajeev and Etessami, Kousha and Yannakakis, Mihalis},
  booktitle = {Proceedings of the 22nd international conference on Software engineering},
  pages     = {304--313},
  year      = {2000}
}

@article{alur2003inference,
  title     = {Inference of message sequence charts},
  author    = {Alur, Rajeev and Etessami, Kousha and Yannakakis, Mihalis},
  journal   = {IEEE Transactions on Software Engineering},
  volume    = {29},
  number    = {7},
  pages     = {623},
  year      = {2003},
  publisher = {IEEE Computer Society}
}

@inproceedings{morin2002recognizable,
  title        = {Recognizable sets of message sequence charts},
  author       = {Morin, R{\'e}mi},
  booktitle    = {Annual Symposium on Theoretical Aspects of Computer Science},
  pages        = {523--534},
  year         = {2002},
  organization = {Springer}
}

@article{fu2004conversation,
  title     = {Conversation protocols: a formalism for specification and verification of reactive electronic services},
  author    = {Fu, Xiang and Bultan, Tevfik and Su, Jianwen},
  journal   = {Theoretical Computer Science},
  volume    = {328},
  number    = {1-2},
  pages     = {19--37},
  year      = {2004},
  publisher = {Elsevier}
}

@inproceedings{basu2011choreography,
  title     = {Choreography conformance via synchronizability},
  author    = {Basu, Samik and Bultan, Tevfik},
  booktitle = {Proceedings of the 20th international conference on World wide web},
  pages     = {795--804},
  year      = {2011}
}

@article{finkel2023synchronizability,
  title     = {Synchronizability of communicating finite state machines is not decidable},
  author    = {Finkel, Alain and Lozes, Etienne},
  journal   = {Logical Methods in Computer Science},
  volume    = {19},
  year      = {2023},
  publisher = {Episciences. org}
}

@inproceedings{barbanera2020choreography,
  title        = {Choreography automata},
  author       = {Barbanera, Franco and Lanese, Ivan and Tuosto, Emilio},
  booktitle    = {International Conference on Coordination Languages and Models},
  pages        = {86--106},
  year         = {2020},
  organization = {Springer}
}

@inproceedings{barbanera2022formal,
  title        = {Formal choreographic languages},
  author       = {Barbanera, Franco and Lanese, Ivan and Tuosto, Emilio},
  booktitle    = {International Conference on Coordination Languages and Models},
  pages        = {121--139},
  year         = {2022},
  organization = {Springer}
}

@article{stutz2022comparing,
  title   = {Comparing channel restrictions of communicating state machines, high-level message sequence charts, and multiparty session types},
  author  = {Stutz, Felix and Zufferey, Damien},
  journal = {arXiv preprint arXiv:2208.05559},
  year    = {2022}
}

@article{stutz2023asynchronous,
  title   = {Asynchronous Multiparty Session Type Implementability is Decidable--Lessons Learned from Message Sequence Charts},
  author  = {Stutz, Felix},
  journal = {arXiv preprint arXiv:2302.11272},
  year    = {2023}
}

@phdthesis{stutz2024implementability,
  title  = {Implementability of Asynchronous Communication Protocols--The Power of Choice},
  author = {Stutz, Felix},
  year   = {2024},
  school = {Rheinland-Pf{\"a}lzische Technische Universit{\"a}t Kaiserslautern-Landau}
}

@inproceedings{stutz2025automata,
  title        = {An Automata-theoretic Basis for Specification and Type Checking of Multiparty Protocols},
  author       = {Stutz, Felix and D’Osualdo, Emanuele},
  booktitle    = {European Symposium on Programming},
  pages        = {314--346},
  year         = {2025},
  organization = {Springer}
}

@inproceedings{li2023complete,
  title        = {Complete multiparty session type projection with automata},
  author       = {Li, Elaine and Stutz, Felix and Wies, Thomas and Zufferey, Damien},
  booktitle    = {International Conference on Computer Aided Verification},
  pages        = {350--373},
  year         = {2023},
  organization = {Springer}
}

@article{li2025characterizing,
  title     = {Characterizing Implementability of Global Protocols with Infinite States and Data},
  author    = {Li, Elaine and Stutz, Felix and Wies, Thomas and Zufferey, Damien},
  journal   = {Proceedings of the ACM on Programming Languages},
  volume    = {9},
  number    = {OOPSLA1},
  pages     = {1434--1463},
  year      = {2025},
  publisher = {ACM New York, NY, USA}
}

@article{castagna2012global,
  title     = {On global types and multi-party session},
  author    = {Castagna, Giuseppe and Dezani-Ciancaglini, Mariangiola and Padovani, Luca},
  journal   = {Logical Methods in Computer Science},
  volume    = {8},
  year      = {2012},
  publisher = {Episciences. org}
}

@article{carbone2012structured,
  title     = {Structured communication-centered programming for web services},
  author    = {Carbone, Marco and Honda, Kohei and Yoshida, Nobuko},
  journal   = {ACM Transactions on Programming Languages and Systems (TOPLAS)},
  volume    = {34},
  number    = {2},
  pages     = {1--78},
  year      = {2012},
  publisher = {ACM New York, NY, USA}
}

@article{di2023partial,
  title     = {A partial order view of message-passing communication models},
  author    = {Di Giusto, Cinzia and Ferr{\'e}, Davide and Laversa, Laetitia and Lozes, Etienne},
  journal   = {Proceedings of the ACM on Programming Languages},
  volume    = {7},
  number    = {POPL},
  pages     = {1601--1627},
  year      = {2023},
  publisher = {ACM New York, NY, USA}
}

@article{di2025realisability,
  title   = {Realisability and Complementability of Multiparty Session Types},
  author  = {Di Giusto, Cinzia and Lozes, Etienne and Urso, Pascal},
  journal = {arXiv preprint arXiv:2507.17354},
  year    = {2025}
}

@inproceedings{bollig2025high,
  title        = {High-Level Message Sequence Charts: Satisfiability and Realizability Revisited},
  author       = {Bollig, Benedikt and Fortin, Marie and Gastin, Paul},
  booktitle    = {International Conference on Applications and Theory of Petri Nets and Concurrency},
  pages        = {109--129},
  year         = {2025},
  organization = {Springer}
}

@inproceedings{desgeorges2023rsc,
  title        = {RSC to the ReSCu: Automated Verification of Systems of Communicating Automata},
  author       = {Desgeorges, Lo{\"\i}c and Germerie Guizouarn, Lo{\"\i}c},
  booktitle    = {International Conference on Coordination Languages and Models},
  pages        = {135--143},
  year         = {2023},
  organization = {Springer}
}

@article{di2023multiparty,
  title     = {Multiparty half-duplex systems and synchronous communications},
  author    = {Di Giusto, Cinzia and Guizouarn, Lo{\"\i}c Germerie and Lozes, Etienne},
  journal   = {Journal of Logical and Algebraic Methods in Programming},
  volume    = {131},
  pages     = {100843},
  year      = {2023},
  publisher = {Elsevier}
}
